<?xml version="1.0" encoding="UTF-8"?><collection xmlns="http://www.loc.gov/MARC21/slim"><record><leader>00503nam--2200193-i-4500</leader><controlfield tag="001">000050061</controlfield><controlfield tag="002">20161230</controlfield><controlfield tag="005">20161230201048</controlfield><controlfield tag="008">060222s1000------------r-----000-0-rus-d</controlfield><datafield ind1=" " ind2=" " tag="040"><subfield code="a">IFIN-HH</subfield></datafield><datafield ind1=" " ind2=" " tag="041"><subfield code="a">rus</subfield></datafield><datafield ind1=" " ind2=" " tag="080"><subfield code="a">53</subfield></datafield><datafield ind1="1" ind2=" " tag="100"><subfield code="a">Band, I.M</subfield></datafield><datafield ind1="1" ind2="0" tag="245"><subfield code="a">Tabliti radialnih funktii i faz electronov</subfield><subfield code="c">I.m. band, v.n. guman, g.a. sogomonova</subfield></datafield><datafield ind1=" " ind2=" " tag="260"><subfield code="a">Moskva</subfield><subfield code="b">Akad. Nauk Sssr</subfield><subfield code="c">1959</subfield></datafield><datafield ind1=" " ind2=" " tag="300"><subfield code="a">226S</subfield></datafield><datafield ind1="1" ind2=" " tag="700"><subfield code="a">Sogomonova, G.A</subfield></datafield><datafield ind1=" " ind2=" " tag="852"><subfield code="a">6840</subfield><subfield code="c">53.081</subfield></datafield><datafield ind1=" " ind2=" " tag="CAT"><subfield code="a">Sys</subfield><subfield code="c">20151030</subfield><subfield code="h">120057</subfield></datafield></record></collection>